@article{networkx,
    title = {NetworkX: Software for Complex Networks},
    author = {Aric A. Hagberg and Daniel A. Schult and Pieter J. Swart},
    journal = {Proceedings of the 7th Python in Science Conference},
    year = {2008},
    pages = {11--15},
    publisher = {SciPy},
    url = {https://networkx.org/}
}

@article{streamlit,
    title = {Streamlit: The fastest way to build and share data apps},
    author = {Adrien Treuille and Amanda Kelly and Thiago Teixeira},
    year = {2019},
    url = {https://streamlit.io/}
}

@article{plotly,
    title = {Plotly: Interactive Data Visualization for Python},
    author = {Plotly Technologies Inc.},
    year = {2015},
    url = {https://plotly.com/python/}
}

@article{knowledgegraph,
    title = {Knowledge Graphs: Fundamentals, Techniques, and Applications},
    author = {Aidan Hogan and Eva Blomqvist and Michael Cochez and Claudia d'Amato and Gerard de Melo and Claudio Gutierrez and Sabrina Kirrane and Jos√© Emilio Labra Gayo and Roberto Navigli and Sebastian Neumaier and Axel-Cyrille Ngonga Ngomo and Axel Polleres and Sabbir M. Rashid and Anisa Rula and Lukas Schmelzeisen and Juan Sequeda and Steffen Staab and Antoine Zimmermann},
    journal = {Synthesis Lectures on Data, Semantics, and Knowledge},
    year = {2021},
    volume = {12},
    number = {2},
    pages = {1--257},
    publisher = {Morgan \& Claypool}
}

@article{healthcareanalytics,
    title = {Healthcare Analytics: From Data to Knowledge to Healthcare Improvement},
    author = {Thomas H. Davenport and Ravi Kalakota},
    journal = {Wiley Interdisciplinary Reviews: Data Mining and Knowledge Discovery},
    year = {2019},
    volume = {9},
    number = {3},
    pages = {e1299},
    publisher = {Wiley}
}

@article{datavisualization,
    title = {Interactive Data Visualization: Foundations, Techniques, and Applications},
    author = {Matthew O. Ward and Georges Grinstein and Daniel Keim},
    year = {2015},
    publisher = {CRC Press}
}

@article{clustering,
    title = {Clustering Algorithms: A Comparative Approach},
    author = {Jain, Anil K.},
    journal = {Pattern Recognition Letters},
    year = {2010},
    volume = {31},
    number = {8},
    pages = {651--666},
    publisher = {Elsevier}
}

@article{healthcaredata,
    title = {Big Data in Healthcare: Management, Analysis and Future Prospects},
    author = {Kritika Sharma and Shailendra Kumar},
    journal = {Journal of Big Data},
    year = {2019},
    volume = {6},
    number = {1},
    pages = {1--25},
    publisher = {Springer}
} 